[gd_scene load_steps=9 format=2]

[ext_resource path="res://Scripts/Enemy.gd" type="Script" id=1]
[ext_resource path="res://Sprites/0x72/frames/necromancer_idle_anim_f0.png" type="Texture" id=2]
[ext_resource path="res://Sprites/0x72/frames/necromancer_idle_anim_f1.png" type="Texture" id=3]
[ext_resource path="res://Sprites/0x72/frames/necromancer_idle_anim_f2.png" type="Texture" id=4]
[ext_resource path="res://Sprites/0x72/frames/necromancer_idle_anim_f3.png" type="Texture" id=5]

[sub_resource type="SpriteFrames" id=1]
animations = [ {
"frames": [ ExtResource( 2 ), ExtResource( 3 ), ExtResource( 4 ), ExtResource( 5 ) ],
"loop": true,
"name": "default",
"speed": 1.0
} ]

[sub_resource type="CapsuleShape2D" id=2]
radius = 7.60456
height = 9.00482

[sub_resource type="CapsuleShape2D" id=3]
radius = 9.96424
height = 13.1808

[node name="Necromancer" type="KinematicBody2D" groups=[
"Enemy",
]]
scale = Vector2( 2, 2 )
script = ExtResource( 1 )
enemy_type = 2

[node name="AnimatedSprite" type="AnimatedSprite" parent="."]
frames = SubResource( 1 )
playing = true

[node name="CollisionShape2D" type="CollisionShape2D" parent="."]
position = Vector2( 0, 2.35969 )
shape = SubResource( 2 )

[node name="Timer" type="Timer" parent="."]

[node name="Tween" type="Tween" parent="."]

[node name="Hit" type="Area2D" parent="."]

[node name="CollisionShape2D" type="CollisionShape2D" parent="Hit"]
position = Vector2( 0, 2.35969 )
shape = SubResource( 3 )
[connection signal="timeout" from="Timer" to="." method="_on_Timer_timeout"]
[connection signal="tween_all_completed" from="Tween" to="." method="_on_Tween_tween_all_completed"]
[connection signal="body_entered" from="Hit" to="." method="_on_Hit_body_entered"]
